@misc{https://doi.org/10.48550/arxiv.1907.05254,
	doi = {10.48550/ARXIV.1907.05254},
	
	url = {https://arxiv.org/abs/1907.05254},
	
	author = {Delon, Julie and Desolneux, Agnes},
	
	keywords = {Optimization and Control (math.OC), FOS: Mathematics, FOS: Mathematics},
	
	title = {A Wasserstein-type distance in the space of Gaussian Mixture Models},
	
	publisher = {arXiv},
	
	year = {2019},
	
	copyright = {arXiv.org perpetual, non-exclusive license}
}



@misc{https://doi.org/10.48550/arxiv.0801.2250,
	doi = {10.48550/ARXIV.0801.2250},
	
	url = {https://arxiv.org/abs/0801.2250},
	
	author = {Takatsu, Asuka},
	
	keywords = {Differential Geometry (math.DG), Probability (math.PR), FOS: Mathematics, FOS: Mathematics, 60D05; 28A33},
	
	title = {On Wasserstein geometry of the space of Gaussian measures},
	
	publisher = {arXiv},
	
	year = {2008},
	
	copyright = {arXiv.org perpetual, non-exclusive license}
}



@article{10.1307/mmj/1029003026,
	author = {Clark R. Givens and Rae Michael Shortt},
	title = {{A class of Wasserstein metrics for probability distributions.}},
	volume = {31},
	journal = {Michigan Mathematical Journal},
	number = {2},
	publisher = {University of Michigan, Department of Mathematics},
	pages = {231 -- 240},
	year = {1984},
	doi = {10.1307/mmj/1029003026},
	URL = {https://doi.org/10.1307/mmj/1029003026}
}


@article{COTFNT,
	year = {2019},
	volume = {11},
	journal = {Foundations and Trends in Machine Learning},
	title = {Computational Optimal Transport},
	number = {5-6},
	pages = {355--607}
	author = {Gabriel Peyr\â€™e and Marco Cuturi}
}